%% This BibTeX bibliography file was created using BibDesk.
%% http://bibdesk.sourceforge.net/


%% Created for Georgi Markov at 2017-01-29 20:52:28 -0500 


%% Saved with string encoding Unicode (UTF-8) 



@book{weick1995sensemaking,
	Author = {Weick, Karl E},
	Date-Added = {2016-12-22 10:40:01 +0000},
	Date-Modified = {2016-12-22 10:40:01 +0000},
	Publisher = {Sage},
	Title = {Sensemaking in organizations},
	Volume = {3},
	Year = {1995}}

@inproceedings{hall2003reference,
	Author = {Hall, Jon G and Rapanotti, Lucia},
	Booktitle = {Requirements Engineering Conference, 2003. Proceedings. 11th IEEE International},
	Date-Added = {2016-12-22 10:40:01 +0000},
	Date-Modified = {2016-12-22 10:40:01 +0000},
	Organization = {IEEE},
	Pages = {181--187},
	Title = {A reference model for requirements engineering},
	Year = {2003}}

@book{Jackson2001,
	Author = {Jackson, Michael},
	Date-Added = {2016-12-22 10:40:01 +0000},
	Date-Modified = {2016-12-22 10:40:01 +0000},
	Publisher = {Addison-Wesley},
	Title = {Problem frames: analysing and structuring software development problems},
	Year = {2001}}

@inproceedings{896248,
	Author = {Gunter, Carl A and Gunter, Elsa L and Jackson, Michael and Zave, Pamela},
	Booktitle = {Requirements Engineering, 2000. Proceedings. 4th International Conference on},
	Date-Added = {2016-12-22 10:40:01 +0000},
	Date-Modified = {2016-12-22 10:40:01 +0000},
	Organization = {IEEE},
	Pages = {189},
	Title = {A reference model for requirements and specifications},
	Year = {2000}}

@techreport{hall2016a-design,
	Author = {Jon G. Hall and Lucia Rapanotti},
	Date-Added = {2016-12-22 10:40:01 +0000},
	Date-Modified = {2016-12-22 10:40:01 +0000},
	Institution = {Technical Report TR2016/01, Department of Computing and Communications, The Open University, Walton Hall, Milton Keynes, MK7 6AA},
	Title = {A design theory for software engineering},
	Year = {2016}}

@inbook{Liu2010,
	Address = {Berlin, Heidelberg},
	Author = {Liu, Jiang and Lv, Jidong and Quan, Zhao and Zhan, Naijun and Zhao, Hengjun and Zhou, Chaochen and Zou, Liang},
	Booktitle = {Programming Languages and Systems: 8th Asian Symposium, APLAS 2010, Shanghai, China, November 28 - December 1, 2010. Proceedings},
	Date-Added = {2016-12-22 10:40:01 +0000},
	Date-Modified = {2016-12-22 10:40:01 +0000},
	Doi = {10.1007/978-3-642-17164-2_1},
	Editor = {Ueda, Kazunori},
	Isbn = {978-3-642-17164-2},
	Pages = {1--15},
	Publisher = {Springer Berlin Heidelberg},
	Title = {A Calculus for Hybrid CSP},
	Url = {http://dx.doi.org/10.1007/978-3-642-17164-2_1},
	Year = {2010},
	Bdsk-Url-1 = {http://dx.doi.org/10.1007/978-3-642-17164-2_1}}

@inproceedings{guelev2013super,
	Author = {Guelev, Dimitar P and Wang, Shuling and Zhan, Naijun and Zhou, Chaochen},
	Booktitle = {International Workshop on Formal Aspects of Component Software},
	Date-Added = {2016-12-22 10:40:01 +0000},
	Date-Modified = {2016-12-22 10:40:01 +0000},
	Organization = {Springer},
	Pages = {13--22},
	Title = {Super-Dense Computation in Verification of Hybrid CSP Processes},
	Year = {2013}}

@article{Hall2009JAdvSysMeas,
	Author = {Hall, Jon G and Rapanotti, Lucia},
	Date-Added = {2016-12-22 10:40:01 +0000},
	Date-Modified = {2016-12-22 10:40:01 +0000},
	Journal = {International Journal on Advances in Systems and Measurements},
	Number = {1},
	Pages = {26--31},
	Publisher = {IARIA},
	Title = {Assurance-driven design in problem oriented engineering},
	Volume = {2},
	Year = {2009}}

@book{hoare1985communicating,
	Author = {Hoare, Charles Antony Richard and others},
	Date-Added = {2016-12-22 10:40:01 +0000},
	Date-Modified = {2016-12-22 10:40:01 +0000},
	Publisher = {Prentice-hall Englewood Cliffs},
	Title = {Communicating sequential processes},
	Volume = {178},
	Year = {1985}}

@incollection{chaochen1996formal,
	Author = {Chaochen, Zhou and Ji, Wang and Ravn, Anders P},
	Booktitle = {Hybrid Systems III},
	Date-Added = {2016-12-22 10:40:01 +0000},
	Date-Modified = {2016-12-22 10:40:01 +0000},
	Pages = {511--530},
	Publisher = {Springer},
	Title = {A formal description of hybrid systems},
	Year = {1996}}

@misc{Wikipedia:2016aa,
	Author = {Wikipedia},
	Date-Added = {2016-12-22 10:40:01 +0000},
	Date-Modified = {2016-12-22 10:40:01 +0000},
	Note = {[Online; accessed 11-November-2016]},
	Title = {4+1 architectural view model --- Wikipedia{,} The Free Encyclopedia},
	Url = {\url{https://en.wikipedia.org/w/index.php?title=4%2B1_architectural_view_model&oldid=748936788}},
	Year = {2016},
	Bdsk-Url-1 = {https://en.wikipedia.org/w/index.php?title=4%2B1_architectural_view_model&oldid=748936788}}

@inproceedings{papp2015embedded,
	Author = {Papp, Dorottya and Ma, Zhendong and Buttyan, Levente},
	Booktitle = {Privacy, Security and Trust (PST), 2015 13th Annual Conference on},
	Date-Added = {2016-12-22 10:40:01 +0000},
	Date-Modified = {2016-12-22 10:40:01 +0000},
	Organization = {IEEE},
	Pages = {145--152},
	Title = {Embedded systems security: Threats, vulnerabilities, and attack taxonomy},
	Year = {2015}}

@article{anand2010generating,
	Author = {Anand, Madhukar and Fischmeister, Sebastian and Hur, Yerang and Kim, Jesung and Lee, Insup},
	Date-Added = {2016-12-22 10:40:01 +0000},
	Date-Modified = {2016-12-22 10:40:01 +0000},
	Journal = {IEEE Transactions on Computers},
	Number = {9},
	Pages = {1281--1294},
	Publisher = {IEEE},
	Title = {Generating reliable code from hybrid-systems models},
	Volume = {59},
	Year = {2010}}

@inproceedings{prabhakar2016counterexample,
	Author = {Prabhakar, Pavithra and Soto, Miriam Garc{\'\i}a},
	Booktitle = {International Conference on Computer Aided Verification},
	Date-Added = {2016-12-22 10:40:01 +0000},
	Date-Modified = {2016-12-22 10:40:01 +0000},
	Organization = {Springer},
	Pages = {495--512},
	Title = {Counterexample guided abstraction refinement for stability analysis},
	Year = {2016}}
